<record><leader>00000cas a22000007a 4500</leader><controlfield tag="001">15803086</controlfield><controlfield tag="008">870603d18461852ohuwr ne      0   a0eng d</controlfield><datafield ind1=" " ind2=" " tag="010"><subfield code="a">sn 87070038 </subfield></datafield><datafield ind1=" " ind2=" " tag="040"><subfield code="a">NYS</subfield><subfield code="b">eng</subfield><subfield code="c">NYS</subfield><subfield code="d">ONP</subfield><subfield code="d">OCLCQ</subfield><subfield code="d">DLC</subfield><subfield code="d">OCLCF</subfield></datafield><datafield ind1="0" ind2=" " tag="022"><subfield code="a">2374-6025</subfield><subfield code="2">1</subfield></datafield><datafield ind1=" " ind2=" " tag="042"><subfield code="a">msc</subfield><subfield code="a">nsdp</subfield></datafield><datafield ind1=" " ind2=" " tag="043"><subfield code="a">n-us-oh</subfield></datafield><datafield ind1="0" ind2="0" tag="050"><subfield code="a">Newspaper</subfield></datafield><datafield ind1="0" ind2="0" tag="082"><subfield code="a">071</subfield><subfield code="2">23</subfield></datafield><datafield ind1="0" ind2=" " tag="130"><subfield code="a">Lancaster gazette (Lancaster, Ohio : 1846)</subfield></datafield><datafield ind1=" " ind2="4" tag="222"><subfield code="a">The Lancaster gazette</subfield><subfield code="b">(Lancaster, Ohio. 1846. Print)</subfield></datafield><datafield ind1="1" ind2="4" tag="245"><subfield code="a">The Lancaster gazette.</subfield></datafield><datafield ind1=" " ind2=" " tag="260"><subfield code="a">Lancaster, Ohio :</subfield><subfield code="b">John H. Wright,</subfield><subfield code="c">1846-1852.</subfield></datafield><datafield ind1=" " ind2=" " tag="310"><subfield code="a">Weekly</subfield></datafield><datafield ind1="0" ind2=" " tag="362"><subfield code="a">New ser., v. 1, no. 7 (June 26, 1846)-v. 6, no. 52 (Apr. 29, 1852).</subfield></datafield><datafield ind1=" " ind2=" " tag="530"><subfield code="a">Archived issues are available in digital format from the Library of Congress Chronicling America online collection.</subfield></datafield><datafield ind1=" " ind2="0" tag="651"><subfield code="a">Lancaster (Ohio)</subfield><subfield code="v">Newspapers.</subfield></datafield><datafield ind1=" " ind2="7" tag="655"><subfield code="a">Newspapers.</subfield><subfield code="2">fast</subfield><subfield code="0">(OCoLC)fst01423814</subfield></datafield><datafield ind1=" " ind2="7" tag="651"><subfield code="a">Ohio</subfield><subfield code="z">Lancaster.</subfield><subfield code="2">fast</subfield><subfield code="0">(OCoLC)fst01231794</subfield></datafield><datafield ind1=" " ind2=" " tag="752"><subfield code="a">United States</subfield><subfield code="b">Ohio</subfield><subfield code="c">Fairfield</subfield><subfield code="d">Lancaster.</subfield></datafield><datafield ind1="0" ind2="8" tag="776"><subfield code="i">Online version:</subfield><subfield code="t">Lancaster gazette (Lancaster, Ohio : 1846 : Online)</subfield><subfield code="x">2374-6033</subfield><subfield code="w">(DLC)  2014218480</subfield></datafield><datafield ind1="0" ind2="0" tag="780"><subfield code="t">Lancaster gazette and express (Lancaster, Ohio : 1844)</subfield><subfield code="w">(DLC)sn 88078727</subfield></datafield><datafield ind1="0" ind2="0" tag="785"><subfield code="t">Weekly Lancaster gazette</subfield><subfield code="w">(DLC)sn 88078726</subfield></datafield><datafield ind1="4" ind2="1" tag="856"><subfield code="u">http://www.loc.gov/chroniclingamerica/lccn/sn87070038/issues</subfield></datafield></record>